@article{smolyak63quadrature,
annote = {Also in Doklady Akademii Nauk SSSR, Vol. 148, 1963, pp. 10421043. in russian},
author = {Smolyak, S},
journal = {Soviet Mathematics, Doklady},
pages = {240--243},
title = {{Quadrature and Interpolation Formulas for Tensor Products of Certain Classes of Functions}},
volume = {4},
year = {1963}
}
@inproceedings{Rude92extrapolationand,
author = {R{\"{u}}de, U},
booktitle = {BERICHT I-9135, INSTITUT FUR INFORMATIK, TU MUNCHEN},
title = {{Extrapolation and Related Techniques for Solving Elliptic Equations}},
year = {1992}
}
